@article{
    song:1,
    author={Liu, Angqi and Qiang Song and Steve Y. Yang},
    title={Stock portfolio selection using learning-to-rank algorithms with news sentiment},
    year=2017,
    journal={s}
}

@article{
    wavenet:1,
    author={van den Oord, Aaron and Sander Dieleman and Heiga Zen and Karen Simonyan and Oriol Vinyals and Alex Graves and Nal Kalchbrenner and Andrew Senior and Koray Kavukcuoglu},
    title={WaveNet: A Generative Model for Raw Audio},
    year=2016,
    journal={s}
}
